<record><leader>00000cas a22000007a 4500</leader><controlfield tag="001">11840037</controlfield><controlfield tag="008">850323d18931893cauwr ne      0    0eng d</controlfield><datafield ind1=" " ind2=" " tag="010"><subfield code="a">sn 85040458 </subfield></datafield><datafield ind1=" " ind2=" " tag="040"><subfield code="a">NPV</subfield><subfield code="b">eng</subfield><subfield code="c">NPV</subfield><subfield code="d">CNK</subfield><subfield code="d">OCLCQ</subfield></datafield><datafield ind1=" " ind2=" " tag="042"><subfield code="a">msc</subfield></datafield><datafield ind1="0" ind2=" " tag="130"><subfield code="a">California farmer (Los Angeles, Calif. : 1893)</subfield></datafield><datafield ind1="1" ind2="0" tag="245"><subfield code="a">California farmer.</subfield></datafield><datafield ind1="1" ind2="3" tag="246"><subfield code="a">Farmer and labor review</subfield></datafield><datafield ind1=" " ind2=" " tag="260"><subfield code="a">Los Angeles [Calif.] :</subfield><subfield code="b">California Farmer Pub.,</subfield><subfield code="c">1893.</subfield></datafield><datafield ind1=" " ind2=" " tag="300"><subfield code="a">1 no. :</subfield><subfield code="b">ill.</subfield></datafield><datafield ind1=" " ind2=" " tag="310"><subfield code="a">Weekly</subfield></datafield><datafield ind1="0" ind2=" " tag="362"><subfield code="a">Vol. 4, no. 23 (Mar. 18, 1893).</subfield></datafield><datafield ind1=" " ind2=" " tag="500"><subfield code="a">Editor: E.L. Clark, C.E. Fisk.</subfield></datafield><datafield ind1=" " ind2=" " tag="752"><subfield code="a">United States</subfield><subfield code="b">California</subfield><subfield code="c">Los Angeles</subfield><subfield code="d">Los Angeles.</subfield></datafield><datafield ind1="0" ind2="0" tag="780"><subfield code="t">California farmer, miner and oil reporter</subfield><subfield code="w">(DLC)sn 85040457</subfield></datafield><datafield ind1="0" ind2="0" tag="785"><subfield code="t">Farmer and labor review</subfield><subfield code="w">(DLC)sn 85040459</subfield></datafield></record>